@misc{akka,
	note={https://akka.io/}
}

@article{doc2vec,
  author    = {Quoc V. Le and
               Tomas Mikolov},
  title     = {Distributed Representations of Sentences and Documents},
  journal   = {CoRR},
  volume    = {abs/1405.4053},
  year      = {2014},
  url       = {http://arxiv.org/abs/1405.4053},
  archivePrefix = {arXiv},
  eprint    = {1405.4053},
  timestamp = {Wed, 07 Jun 2017 14:42:08 +0200},
  biburl    = {http://dblp.org/rec/bib/journals/corr/LeM14},
  bibsource = {dblp computer science bibliography, http://dblp.org}
}